@web{
    Schmidauer2002,
    author={Helmut Schmidauer},
    title={Modularisierung},
    year={2002},
    url={https://ssw.jku.at/Teaching/Lectures/Sem/2002/reports/Schmidauer/},
    urldate={2023-01-13},
    keywords={web}
}

@web{
    Angular2016,
    author={{Google LLC.}},
    title={{Angular}},
    year={2016},
    url={https://angular.io/},
    urldate={2023-01-13},
    keywords={web}
}

@web{
    Ionic2013,
    author={{Drifty Co.}},
    title={{Ionic Framework}},
    year={2013},
    url={https://ionicframework.com/},
    urldate={2023-01-13},
    keywords={web}
}

@web{
    HybrideWebApp,
    author={Anonymus},
    title={{Mobile App: Native App vs Hybride App, Web App \& PWA}},
    year={n.d.},
    url={https://www.brightsolutions.de/blog/native-vs-hybride-vs-web-app/},
    urldate={2023-01-13},
    keywords={web}
}

@web{
    LazyLoading2021,
    author={{Arjav Dave}},
    title={{Lazy Loading in Angular â€“ A Beginner's Guide to NgModules}},
    year={2021},
    url={https://www.freecodecamp.org/news/lazy-loading-in-angular-intro-to-ngmodules},
    urldate={2023-01-13},
    keywords={web}
}

@web{
    Ionic2013b,
    author={{Drifty Co.}},
    title={{Ionic Framework}},
    year={2013},
    url={https://ionicframework.com/docs/api/img},
    urldate={2023-01-13},
    keywords={web}
}